<?xml version = "1.0" encoding = "UTF-8"?><OAI-PMH xmlns="http://www.openarchives.org/OAI/2.0/" xmlns:xsi="http://www.w3.org/2001/XMLSchema-instance" xsi:schemaLocation="http://www.openarchives.org/OAI/2.0/ http://www.openarchives.org/OAI/2.0/OAI-PMH.xsd"><ListRecords><record><header><identifier>aleph-publish:009132286</identifier></header><metadata><record xmlns="http://www.ddb.de/professionell/mabxml/mabxml-1.xsd"><leader>00242vM2.01200024------u</leader><controlfield tag="LDR">00242vM2.01200024------u</controlfield><controlfield tag="FMT">MU</controlfield><datafield tag="001" ind1="-" ind2="1"><subfield code="a">HT002035256</subfield></datafield><datafield tag="001" ind1="-" ind2="2"><subfield code="a">HT001405563</subfield></datafield><datafield tag="002" ind1="a" ind2="1"><subfield code="a">19940426</subfield></datafield><datafield tag="002" ind1="a" ind2="2"><subfield code="a">19960830</subfield></datafield><datafield tag="003" ind1="-" ind2="1"><subfield code="a">20130626</subfield></datafield><datafield tag="003" ind1="-" ind2="2"><subfield code="a">20130909</subfield></datafield><datafield tag="010" ind1="-" ind2="1"><subfield code="a">HT001405563</subfield></datafield><datafield tag="026" ind1="-" ind2="1"><subfield code="a">HBZHT002035256</subfield></datafield><datafield tag="026" ind1="-" ind2="2"><subfield code="a">HBZHT001405563</subfield></datafield><controlfield tag="030">a|1uc||||||||</controlfield><datafield tag="036" ind1="a" ind2="2"><subfield code="a">DE</subfield></datafield><datafield tag="037" ind1="b" ind2="2"><subfield code="a">ger</subfield></datafield><controlfield tag="050">a|||||||||||||</controlfield><datafield tag="070" ind1="-" ind2="1"><subfield code="a">929</subfield></datafield><datafield tag="070" ind1="-" ind2="2"><subfield code="a">929</subfield></datafield><datafield tag="070" ind1="b" ind2="1"><subfield code="a">294</subfield></datafield><datafield tag="070" ind1="b" ind2="2"><subfield code="a">51</subfield></datafield><datafield tag="080" ind1="-" ind2="1"><subfield code="a">60</subfield></datafield><datafield tag="080" ind1="-" ind2="2"><subfield code="a">60</subfield></datafield><controlfield tag="089">[1]</controlfield><datafield tag="090" ind1="-" ind2="1"><subfield code="a">1</subfield></datafield><datafield tag="100" ind1="f" ind2="2"><subfield code="p">Wesenberg, Rudolf</subfield><subfield code="d">1910-1974</subfield><subfield code="9">(DE-588)123578957</subfield></datafield><datafield tag="104" ind1="f" ind2="2"><subfield code="p">Verbeek, Albert</subfield><subfield code="d">1909-1984</subfield><subfield code="9">(DE-588)124928544</subfield></datafield><datafield tag="331" ind1="-" ind2="1"><subfield code="a">[Rudolf Wesenberg zum 60. Geburtstag]</subfield></datafield><datafield tag="331" ind1="-" ind2="2"><subfield code="a">Beiträge zur rheinischen Kunstgeschichte und Denkmalpflege</subfield></datafield><datafield tag="410" ind1="-" ind2="2"><subfield code="a">Düsseldorf</subfield></datafield><datafield tag="412" ind1="-" ind2="2"><subfield code="a">Rheinland-Verl.</subfield></datafield><datafield tag="425" ind1="b" ind2="2"><subfield code="a">1970</subfield></datafield><datafield tag="425" ind1="a" ind2="1"><subfield code="a">1970</subfield></datafield><datafield tag="433" ind1="-" ind2="1"><subfield code="a">XV, 398 S. : zahlr. Ill., graph. Darst., Kt.</subfield></datafield><datafield tag="451" ind1="-" ind2="1"><subfield code="a">&lt;&lt;Die&gt;&gt; Kunstdenkmäler des Rheinlandes : Beiheft ; 16</subfield></datafield><datafield tag="451" ind1="-" ind2="2"><subfield code="a">&lt;&lt;Die&gt;&gt; Kunstdenkmäler des Rheinlandes : Beiheft ; ...</subfield></datafield><datafield tag="453" ind1="-" ind2="1"><subfield code="a">HT001233807</subfield></datafield><datafield tag="455" ind1="-" ind2="1"><subfield code="a">16</subfield></datafield><datafield tag="456" ind1="-" ind2="1"><subfield code="a">16</subfield></datafield><datafield tag="511" ind1="-" ind2="2"><subfield code="a">Bd. 2 im Verl. Schwann, Düsseldorf, erschienen</subfield></datafield><datafield tag="523" ind1="-" ind2="2"><subfield code="p">Erschienen</subfield><subfield code="a">1 - 2</subfield></datafield><datafield tag="700" ind1="l" ind2="1"><subfield code="a">500</subfield></datafield><datafield tag="700" ind1="l" ind2="2"><subfield code="a">130</subfield></datafield><datafield tag="700" ind1="l" ind2="2"><subfield code="a">500</subfield></datafield><datafield tag="902" ind1="-" ind2="1"><subfield code="g">Rheinland-Pfalz</subfield><subfield code="9">(DE-588)4049795-1</subfield></datafield><datafield tag="902" ind1="-" ind2="1"><subfield code="s">Denkmalpflege</subfield><subfield code="9">(DE-588)4011455-7</subfield></datafield><datafield tag="902" ind1="-" ind2="1"><subfield code="f">Aufsatzsammlung</subfield></datafield><datafield tag="902" ind1="-" ind2="2"><subfield code="g">Rheinland</subfield><subfield code="9">(DE-588)4049788-4</subfield></datafield><datafield tag="902" ind1="-" ind2="2"><subfield code="s">Kunst</subfield><subfield code="9">(DE-588)4114333-4</subfield></datafield><datafield tag="902" ind1="-" ind2="2"><subfield code="f">Aufsatzsammlung</subfield></datafield><datafield tag="903" ind1="-" ind2="1"><subfield code="a">213</subfield></datafield><datafield tag="907" ind1="-" ind2="1"><subfield code="g">Rheinland</subfield><subfield code="9">(DE-588)4049788-4</subfield></datafield><datafield tag="907" ind1="-" ind2="1"><subfield code="s">Kunst</subfield><subfield code="9">(DE-588)4114333-4</subfield></datafield><datafield tag="907" ind1="-" ind2="1"><subfield code="z">Geschichte 1000-1970</subfield></datafield><datafield tag="907" ind1="-" ind2="1"><subfield code="f">Aufsatzsammlung</subfield></datafield><datafield tag="907" ind1="-" ind2="2"><subfield code="g">Rheinland</subfield><subfield code="9">(DE-588)4049788-4</subfield></datafield><datafield tag="907" ind1="-" ind2="2"><subfield code="s">Architektur</subfield><subfield code="9">(DE-588)4002851-3</subfield></datafield><datafield tag="907" ind1="-" ind2="2"><subfield code="f">Aufsatzsammlung</subfield></datafield><datafield tag="908" ind1="-" ind2="2"><subfield code="a">213</subfield></datafield><datafield tag="912" ind1="-" ind2="1"><subfield code="p">Wesenberg, Rudolf</subfield><subfield code="d">1910-1974</subfield><subfield code="9">(DE-588)123578957</subfield></datafield><datafield tag="912" ind1="-" ind2="1"><subfield code="f">Bibliographie</subfield></datafield><datafield tag="912" ind1="-" ind2="2"><subfield code="p">Verbeek, Albert</subfield><subfield code="d">1909-1984</subfield><subfield code="9">(DE-588)124928544</subfield></datafield><datafield tag="912" ind1="-" ind2="2"><subfield code="f">Bibliographie</subfield></datafield><controlfield tag="SYS">009132286</controlfield><datafield tag="LOW" ind1="-" ind2="1"><subfield code="a">Z9035</subfield></datafield><datafield tag="LOW" ind1="-" ind2="1"><subfield code="a">L0001</subfield></datafield><datafield tag="LOW" ind1="-" ind2="1"><subfield code="a">K5001</subfield></datafield><datafield tag="LOW" ind1="-" ind2="1"><subfield code="a">K0001</subfield></datafield><datafield tag="LOW" ind1="-" ind2="1"><subfield code="a">U0001</subfield></datafield><datafield tag="LOW" ind1="-" ind2="1"><subfield code="a">R0001</subfield></datafield><datafield tag="LOW" ind1="-" ind2="1"><subfield code="a">A0001</subfield></datafield><datafield tag="LOW" ind1="-" ind2="1"><subfield code="a">Q0001</subfield></datafield><datafield tag="LOW" ind1="-" ind2="1"><subfield code="a">M0001</subfield></datafield><datafield tag="LOW" ind1="-" ind2="1"><subfield code="a">X5001</subfield></datafield><datafield tag="LOW" ind1="-" ind2="1"><subfield code="a">Q1142</subfield></datafield><datafield tag="LOW" ind1="-" ind2="1"><subfield code="a">R0003</subfield></datafield><datafield tag="LOW" ind1="-" ind2="1"><subfield code="a">J5005</subfield></datafield><datafield tag="LOW" ind1="-" ind2="1"><subfield code="a">B0001</subfield></datafield><datafield tag="LOW" ind1="-" ind2="1"><subfield code="a">R3002</subfield></datafield><datafield tag="LOW" ind1="-" ind2="1"><subfield code="a">K6001</subfield></datafield><datafield tag="LOW" ind1="-" ind2="1"><subfield code="a">X6001</subfield></datafield><datafield tag="LOW" ind1="-" ind2="1"><subfield code="a">Z9032</subfield></datafield><datafield tag="LOW" ind1="-" ind2="1"><subfield code="a">Z9022</subfield></datafield><datafield tag="LOW" ind1="-" ind2="1"><subfield code="a">ED001</subfield></datafield><datafield tag="LOW" ind1="-" ind2="1"><subfield code="a">B4018</subfield></datafield><datafield tag="LOW" ind1="-" ind2="1"><subfield code="a">Q1107</subfield></datafield><datafield tag="HID" ind1="-" ind2="1"><subfield code="s">DTL2ALEPH</subfield><subfield code="c">20150618</subfield><subfield code="l">HBZ01</subfield><subfield code="h">0601</subfield></datafield><datafield tag="952" ind1="-" ind2="1"><subfield code="g">Rhineland-Palatinate</subfield></datafield><datafield tag="952" ind1="-" ind2="1"><subfield code="g">Rhénanie-Palatinat</subfield></datafield><datafield tag="952" ind1="-" ind2="1"><subfield code="g">Renania-Palatinado</subfield></datafield><datafield tag="952" ind1="-" ind2="1"><subfield code="g">Rheinland Pfalz</subfield></datafield><datafield tag="952" ind1="-" ind2="1"><subfield code="g">RP</subfield></datafield><datafield tag="957" ind1="-" ind2="1"><subfield code="g">Rheinlande</subfield><subfield code="h">im engeren Sinn</subfield></datafield><datafield tag="957" ind1="-" ind2="1"><subfield code="s">Bildende Kunst</subfield></datafield><datafield tag="957" ind1="-" ind2="1"><subfield code="s">Kunstdenkmal</subfield><subfield code="h">Kunst</subfield></datafield><datafield tag="952" ind1="-" ind2="2"><subfield code="g">Rheinlande</subfield><subfield code="h">im engeren Sinn</subfield></datafield><datafield tag="952" ind1="-" ind2="2"><subfield code="s">Bildende Kunst</subfield></datafield><datafield tag="952" ind1="-" ind2="2"><subfield code="s">Kunstdenkmal</subfield><subfield code="h">Kunst</subfield></datafield><datafield tag="957" ind1="-" ind2="2"><subfield code="g">Rheinlande</subfield><subfield code="h">im engeren Sinn</subfield></datafield><datafield tag="957" ind1="-" ind2="2"><subfield code="s">Baukunst</subfield></datafield><datafield tag="088" ind1=" " ind2=" "><subfield code="a">Kn 3</subfield><subfield code="b">00020050</subfield><subfield code="c">KMB/NDH  1970 A  :  01</subfield><subfield code="e">keine ILL</subfield></datafield><datafield tag="088" ind1=" " ind2=" "><subfield code="a">294/30</subfield><subfield code="b">00030000</subfield><subfield code="c">I A-WES.1 1</subfield><subfield code="e">keine ILL</subfield></datafield><datafield tag="088" ind1=" " ind2=" "><subfield code="a">38</subfield><subfield code="b">00000001</subfield><subfield code="c">1K2081-1</subfield><subfield code="e">ILL Ausleihe</subfield></datafield><datafield tag="088" ind1=" " ind2=" "><subfield code="a">5</subfield><subfield code="b">00000000</subfield><subfield code="c">E 4&apos; 7/94 (16)</subfield><subfield code="e">ILL Ausleihe</subfield></datafield><datafield tag="088" ind1=" " ind2=" "><subfield code="a">6</subfield><subfield code="b">00000041</subfield><subfield code="c">3G 30507-1</subfield><subfield code="e">ILL Kopie+Ausl.</subfield></datafield><datafield tag="088" ind1=" " ind2=" "><subfield code="a">82</subfield><subfield code="b">00000000</subfield><subfield code="c">GH2641-16+1</subfield><subfield code="e">ILL Ausleihe</subfield></datafield><datafield tag="088" ind1=" " ind2=" "><subfield code="a">929</subfield><subfield code="b">00000000</subfield><subfield code="c">S = H 4 Bei</subfield><subfield code="e">ILL Ausleihe</subfield></datafield><datafield tag="088" ind1=" " ind2=" "><subfield code="a">290</subfield><subfield code="b">00010000</subfield><subfield code="c">473/Rhei &lt;39&gt;</subfield><subfield code="e">ILL Ausleihe</subfield></datafield><datafield tag="088" ind1=" " ind2=" "><subfield code="a">Sol 1</subfield><subfield code="c">GA 214/16</subfield><subfield code="e">keine ILL</subfield></datafield><datafield tag="088" ind1=" " ind2=" "><subfield code="a">51</subfield><subfield code="b">00000000</subfield><subfield code="c">01-SW 2743.4·-16</subfield><subfield code="e">ILL Ausleihe</subfield></datafield><datafield tag="088" ind1=" " ind2=" "><subfield code="a">Dü 62</subfield><subfield code="b">tg</subfield><subfield code="c">11 WUA 108 -1</subfield><subfield code="e">ILL Kopie+Ausl.</subfield></datafield><datafield tag="088" ind1=" " ind2=" "><subfield code="a">832</subfield><subfield code="b">00001000</subfield><subfield code="c">KFBV1096-1</subfield><subfield code="e">ILL Ausleihe</subfield></datafield><datafield tag="088" ind1=" " ind2=" "><subfield code="a">Eus 2</subfield><subfield code="c">10.302</subfield><subfield code="e">Keine Angabe</subfield></datafield><datafield tag="088" ind1=" " ind2=" "><subfield code="a">5/39</subfield><subfield code="b">00054000</subfield><subfield code="c">M 278/50 (16)</subfield><subfield code="e">keine ILL</subfield></datafield><datafield tag="088" ind1=" " ind2=" "><subfield code="a">5/7</subfield><subfield code="b">00058000</subfield><subfield code="c">H 701/100</subfield><subfield code="e">keine ILL</subfield></datafield><datafield tag="088" ind1=" " ind2=" "><subfield code="a">107</subfield><subfield code="b">00001000</subfield><subfield code="c">1a 8292/1</subfield><subfield code="e">ILL Ausleihe</subfield></datafield><datafield tag="088" ind1=" " ind2=" "><subfield code="a">Sie 5</subfield><subfield code="b">00002001</subfield><subfield code="c">82 = 9032</subfield><subfield code="e">keine ILL</subfield></datafield><datafield tag="088" ind1=" " ind2=" "><subfield code="a">294</subfield><subfield code="b">00000023</subfield><subfield code="c">PCB1674-1</subfield><subfield code="e">ILL Ausleihe</subfield></datafield><datafield tag="088" ind1=" " ind2=" "><subfield code="a">121</subfield><subfield code="c">10/657 4&apos;-Beih. 16</subfield><subfield code="e">10</subfield></datafield><datafield tag="088" ind1=" " ind2=" "><subfield code="a">61</subfield><subfield code="b">02</subfield><subfield code="c">kuno116.b423(1)</subfield><subfield code="e">Nicht ausleihbar</subfield></datafield><datafield tag="088" ind1=" " ind2=" "><subfield code="a">Tr 2</subfield><subfield code="b">RONIG</subfield><subfield code="c">RON 20237u</subfield><subfield code="e">ausleihbar/M</subfield></datafield><datafield tag="088" ind1=" " ind2=" "><subfield code="a">385</subfield><subfield code="b">33</subfield><subfield code="c">WF.WES/pb4577</subfield><subfield code="e">Präsenzbestand</subfield></datafield><datafield tag="088" ind1=" " ind2=" "><subfield code="a">Kn 28</subfield><subfield code="b">MAG</subfield><subfield code="c">Ed 2481 (1)</subfield><subfield code="e">Normalausleihe</subfield></datafield><datafield tag="088" ind1=" " ind2=" "><subfield code="a">386/02</subfield><subfield code="b">GEB02</subfield><subfield code="c">ARB 567/161-16</subfield><subfield code="e">2 Wo ausleihbar BB</subfield></datafield><datafield tag="088" ind1=" " ind2=" "><subfield code="a">Kn 3</subfield><subfield code="b">50</subfield><subfield code="c">NDH  1970 A  :  01</subfield><subfield code="e">01</subfield></datafield><datafield tag="088" ind1=" " ind2=" "><subfield code="a">Dü 18</subfield><subfield code="c">Lc, 5 WES 15 (n.a.)</subfield><subfield code="e">keine Fernleihe</subfield></datafield><datafield tag="088" ind1=" " ind2=" "><subfield code="a">64</subfield></datafield><datafield tag="088" ind1=" " ind2=" "><subfield code="a">260</subfield></datafield><datafield tag="655" ind1="e" ind2=" "><subfield code="u">http://digitool.hbz-nrw.de:1801/webclient/DeliveryManager?pid=6277996&amp;custom_att_2=simple_viewer</subfield><subfield code="y">Bd. 1. Beiträge zur rheinischen Kunstgeschichte und Denkmalpflege. [Rudolf Wesenberg zum 60. Geburt</subfield><subfield code="x">Inhaltsverzeichnis</subfield></datafield><datafield tag="B80" ind1=" " ind2="9"><subfield code="a">(1970). - XV, 398 S. : zahlr. Ill., Kt. - (... ; 16)</subfield><subfield code="2">ED001</subfield></datafield></record></metadata></record></ListRecords></OAI-PMH>